<?xml version="1.0" encoding="UTF-8"?><record xmlns="http://www.loc.gov/MARC21/slim" xmlns:cinclude="http://apache.org/cocoon/include/1.0" xmlns:zs="http://www.loc.gov/zing/srw/">
  <leader>00457nz  a2200133n  4500</leader>
  <controlfield tag="001">n  87919657 </controlfield>
  <controlfield tag="003">DLC</controlfield>
  <controlfield tag="005">19880226065322.8</controlfield>
  <controlfield tag="008">880115n| acannaab|          |a aaa |||  </controlfield>
  <datafield tag="010" ind1=" " ind2=" ">
    <subfield code="a">n  87919657 </subfield>
  </datafield>
  <datafield tag="040" ind1=" " ind2=" ">
    <subfield code="a">DLC</subfield>
    <subfield code="c">DLC</subfield>
  </datafield>
  <datafield tag="100" ind1="1" ind2="0">
    <subfield code="a">Guli︠a︡eva, T. L.</subfield>
  </datafield>
  <datafield tag="400" ind1="1" ind2="0">
    <subfield code="a">Gulyaeva, T. L.</subfield>
  </datafield>
  <datafield tag="670" ind1=" " ind2=" ">
    <subfield code="a">Avtomatizat︠s︡ii︠a︡ obrab. geofizich. informat︠s︡ii, 1986:</subfield>
    <subfield code="b">t.p. (kandidat fiziko-matematicheskikh nauk T.L. Guli︠a︡eva) added t.p. (Dr. T.L. Gulyaeva)</subfield>
  </datafield>
</record>